<?xml version="1.0" encoding="UTF-8"?><record xmlns="http://www.loc.gov/MARC21/slim" xmlns:cinclude="http://apache.org/cocoon/include/1.0" xmlns:zs="http://www.loc.gov/zing/srw/">
  <leader>00829cz  a2200205n  4500</leader>
  <controlfield tag="001">n  80064796 </controlfield>
  <controlfield tag="003">DLC</controlfield>
  <controlfield tag="005">20130503074843.0</controlfield>
  <controlfield tag="008">800708n| azannaabn          |a aaa      </controlfield>
  <datafield tag="010" ind1=" " ind2=" ">
    <subfield code="a">n  80064796 </subfield>
  </datafield>
  <datafield tag="035" ind1=" " ind2=" ">
    <subfield code="a">(OCoLC)oca00446391</subfield>
  </datafield>
  <datafield tag="040" ind1=" " ind2=" ">
    <subfield code="a">DLC</subfield>
    <subfield code="b">eng</subfield>
    <subfield code="e">rda</subfield>
    <subfield code="c">DLC</subfield>
    <subfield code="d">NmU</subfield>
    <subfield code="d">IEN</subfield>
  </datafield>
  <datafield tag="046" ind1=" " ind2=" ">
    <subfield code="f">1958</subfield>
  </datafield>
  <datafield tag="100" ind1="1" ind2=" ">
    <subfield code="a">Moran, B.</subfield>
    <subfield code="q">(Brian),</subfield>
    <subfield code="d">1958-</subfield>
  </datafield>
  <datafield tag="378" ind1=" " ind2=" ">
    <subfield code="q">Brian</subfield>
  </datafield>
  <datafield tag="400" ind1="1" ind2=" ">
    <subfield code="a">Moran, Brian,</subfield>
    <subfield code="d">1958-</subfield>
  </datafield>
  <datafield tag="670" ind1=" " ind2=" ">
    <subfield code="a">Mechanics of phase transformations ... c1994:</subfield>
    <subfield code="b">t.p. (B. Moran, Northwestern Univ.) p. 135 (Brian Moran; Dept. of Civil Engr., N.U., Evanston, Ill.)</subfield>
  </datafield>
  <datafield tag="670" ind1=" " ind2=" ">
    <subfield code="a">Author's A computer model for ductile fracture, 1979:</subfield>
    <subfield code="b">t.p. (B. Moran, Lawrence Livermore Lab.)</subfield>
  </datafield>
  <datafield tag="670" ind1=" " ind2=" ">
    <subfield code="a">OCLC #20772941, 9/25/95</subfield>
    <subfield code="b">(hdg.: Moran, Brian, 1958-; usage: Brian Moran; author's Ph.D. thesis, Brown Univ.)</subfield>
  </datafield>
  <datafield tag="675" ind1=" " ind2=" ">
    <subfield code="a">Amer. men/women sci., 13th ed.</subfield>
  </datafield>
</record>